<collection xmlns="http://www.loc.gov/MARC21/slim">
<record>
  <leader>01692nam0a2200325 i 450 </leader>
  <controlfield tag="001">IT\ICCU\CNCE\052376</controlfield>
  <controlfield tag="005">20071119000000.0</controlfield>
  <datafield tag="012" ind1=" " ind2=" ">
    <subfield code="a">deso e;a; dina dase (3) 1598 (R)</subfield>
    <subfield code="2">fei</subfield>
  </datafield>
  <datafield tag="100" ind1=" " ind2=" ">
    <subfield code="a">20010912d1598        0itac0103    ba</subfield>
  </datafield>
  <datafield tag="101" ind1=" " ind2=" ">
    <subfield code="a">ITA</subfield>
  </datafield>
  <datafield tag="102" ind1=" " ind2=" ">
    <subfield code="a">IT</subfield>
  </datafield>
  <datafield tag="200" ind1="1" ind2=" ">
    <subfield code="a">℗L&apos; ℗Erofilomachia, ouero il duello d&apos;amore, &amp; d&apos;amicitia. Comedia nuoua. Dell&apos;eccellentissimo dottor di leggi m. Sforza d&apos;Oddo gentil&apos;huomo perugino. Di nuouo corretta, et ristampata</subfield>
  </datafield>
  <datafield tag="210" ind1=" " ind2=" ">
    <subfield code="a">In Venetia</subfield>
    <subfield code="c">appresso Marc&apos;Antonio Bonibelli</subfield>
    <subfield code="d">1598</subfield>
  </datafield>
  <datafield tag="215" ind1=" " ind2=" ">
    <subfield code="a">\8!, 88 c.</subfield>
    <subfield code="d">12ʻ</subfield>
  </datafield>
  <datafield tag="620" ind1=" " ind2=" ">
    <subfield code="a">IT</subfield>
    <subfield code="d">Venezia</subfield>
  </datafield>
  <datafield tag="700" ind1=" " ind2="1">
    <subfield code="a">Oddi,</subfield>
    <subfield code="b">Sforza : degli</subfield>
    <subfield code="3">IT\ICCU\CNCA\006885</subfield>
  </datafield>
  <datafield tag="712" ind1="0" ind2="0">
    <subfield code="a">Bonibello, Marcantonio</subfield>
    <subfield code="3">IT\ICCU\CNCT\000597</subfield>
    <subfield code="4">650</subfield>
  </datafield>
  <datafield tag="790" ind1=" " ind2="1">
    <subfield code="a">Oddus,</subfield>
    <subfield code="b">Sfortia</subfield>
    <subfield code="3">IT\ICCU\CNCA\021782</subfield>
    <subfield code="z">Oddi, Sforza : degli</subfield>
  </datafield>
  <datafield tag="790" ind1=" " ind2="1">
    <subfield code="a">Degli_Oddi,</subfield>
    <subfield code="b">Sforza</subfield>
    <subfield code="3">IT\ICCU\CNCA\021783</subfield>
    <subfield code="z">Oddi, Sforza : degli</subfield>
  </datafield>
  <datafield tag="791" ind1="0" ind2="0">
    <subfield code="a">Bonibellus, Marcus Antonius</subfield>
    <subfield code="3">IT\ICCU\CNCT\004738</subfield>
    <subfield code="z">Bonibello, Marcantonio</subfield>
  </datafield>
  <datafield tag="791" ind1="0" ind2="0">
    <subfield code="a">Bonibelli, Marc&apos;Antonio</subfield>
    <subfield code="3">IT\ICCU\CNCT\004739</subfield>
    <subfield code="z">Bonibello, Marcantonio</subfield>
  </datafield>
  <datafield tag="801" ind1=" " ind2="3">
    <subfield code="a">IT</subfield>
    <subfield code="b">ICCU</subfield>
    <subfield code="c">20201115</subfield>
  </datafield>
  <datafield tag="899" ind1=" " ind2=" ">
    <subfield code="a">Biblioteca nazionale Braidense. Milano</subfield>
    <subfield code="1">MI0185</subfield>
    <subfield code="2">MIL NB</subfield>
  </datafield>
  <datafield tag="899" ind1=" " ind2=" ">
    <subfield code="a">Biblioteca  Panizzi. Reggio Emilia</subfield>
    <subfield code="1">RE0052</subfield>
    <subfield code="2">RE2 PA</subfield>
  </datafield>
  <datafield tag="899" ind1=" " ind2=" ">
    <subfield code="a">Biblioteca Casanatense. Roma</subfield>
    <subfield code="1">RM0313</subfield>
    <subfield code="2">RML 07</subfield>
  </datafield>
  <datafield tag="899" ind1=" " ind2=" ">
    <subfield code="a">Biblioteca comunale degli Intronati. Siena</subfield>
    <subfield code="1">SI0046</subfield>
    <subfield code="2">RT1 QI</subfield>
  </datafield>
  <datafield tag="899" ind1=" " ind2=" ">
    <subfield code="a">Biblioteca civica centrale. Torino</subfield>
    <subfield code="1">TO0240</subfield>
    <subfield code="2">BCT 01</subfield>
  </datafield>
  <datafield tag="899" ind1=" " ind2=" ">
    <subfield code="a">British Library. London</subfield>
    <subfield code="1">UK0001</subfield>
  </datafield>
  <datafield tag="911" ind1=" " ind2=" ">
    <subfield code="a">Sul front.</subfield>
    <subfield code="9">IT\ICCU\CNCM\000860</subfield>
  </datafield>
  <datafield tag="921" ind1=" " ind2=" ">
    <subfield code="a">IT\ICCU\CNCM\000860</subfield>
    <subfield code="b">Umilt ̉(donna schiaccia con un piede un leone). In cornice figurata.</subfield>
    <subfield code="e">Sic omnia cedunt humilitati.</subfield>
    <subfield code="c">U10</subfield>
    <subfield code="d">Dimensioni: 3 x 2,2</subfield>
    <subfield code="f">DONNA</subfield>
    <subfield code="f">LEONE</subfield>
    <subfield code="f">UMILTA</subfield>
    <subfield code="f">SICOMNIACE</subfield>
    <subfield code="g">1586-1600</subfield>
  </datafield>
</record>
</collection>
